%---------------------------------------------------------------------------%
%-                                                                         -%
%-                             Bibliography                                -%
%-                                                                         -%
%---------------------------------------------------------------------------%
@article{Chiu2014The,
  title={The role of facial microexpression state (FMES) change in the process of conceptual conflict},
  author={Chiu, Mei Hung and Chou, Chin Cheng and Wu, Wen Lung and Liaw, Hongming},
  journal={British Journal of Educational Technology},
  volume={45},
  number={3},
  pages={471-486},
  year={2014},
}
@article{Ekman2010A,
  title={A Few Can Catch a Liar},
  author={Ekman and Paul and Sullivan, O. and Maureen and Frank and Mark, G},
  journal={Psychological Science},
  volume={10},
  number={3},
  pages={263-266},
  year={1999},
}
@book{Liwicki2012Incremental,
  title={Incremental Slow Feature Analysis with Indefinite Kernel for Online Temporal Video Segmentation},
  author={Liwicki, Stephan and Zafeiriou, Stefanos and Pantic, Maja},
  year={2012},
}
@article{Kr2012Eye,
  title={Eye-blink detection system for human–computer interaction},
  author={Królak, Aleksandra and Strumiłło, Paweł},
  journal={Universal Access in the Information Society},
  volume={11},
  number={4},
  pages={409-419},
  year={2012},
}
@article{zeng2006spontaneous,
  title={Spontaneous emotional facial expression detection.},
  author={Zeng, Zhihong and Fu, Yun and Roisman, Glenn I and Wen, Zhen and Hu, Yuxiao and Huang, Thomas S},
  journal={Journal of multimedia},
  volume={1},
  number={5},
  pages={1--8},
  year={2006}
}
@article{Maja2009Machine,
  title={Machine analysis of facial behaviour: naturalistic and dynamic behaviour},
  author={Maja, Pantic},
  journal={Philosophical Transactions of the Royal Society of London},
  volume={364},
  number={1535},
  pages={3505-3513},
  year={2009},
}
@phdthesis{Doctoral2017Li,
author={Li, Xiaobai},
title={Reading subtle information from human faces},
publisher={Doctoral Dissertation: Acta Universitatis Ouluensis. C, Technica},
year={2017},
urldate={2017-09-08},
isbn={978-952-62-1638-6},
ISSN={0355-3213},
url={http://urn.fi/urn:isbn:9789526216386}
}
@newspaper{Lie2010to,
    author={周凯莉},
    title={别对我撒谎，我懂“微表情”},
    journal={中国青年报},
    year={2010},
    volume={11},
    number={10},
    url={http://zqb.cyol.com/content/2010-11/10/content_3441411.htm},
}
@article{Porter2008Reading,
  title={Reading between the Lies: Identifying Concealed and Falsified Emotions in Universal Facial Expressions},
  author={Porter, Stephen and Brinke, Leanne Ten},
  journal={Psychological Science},
  volume={19},
  number={5},
  pages={508-514},
  year={2008},
}
@article{matsumoto2011evidence,
  title={Evidence for training the ability to read microexpressions of emotion},
  author={Matsumoto, David and Hwang, Hyi Sung},
  journal={Motivation and Emotion},
  volume={35},
  number={2},
  pages={181--191},
  year={2011},
  publisher={Springer}
}
@article{Yan2013How,
  title={How Fast are the Leaked Facial Expressions: The Duration of Micro-Expressions},
  author={Yan, Wen Jing and Wu, Qi and Liang, Jing and Yu-Hsin Chen and Fu, Xiaolan},
  journal={Journal of Nonverbal Behavior},
  volume={37},
  number={4},
  pages={217-230},
  year={2013},
}
@Inbook{Haggard1966,
author={Haggard, Ernest A. and Isaacs, Kenneth S.},
title={Micromomentary facial expressions as indicators of ego mechanisms in psychotherapy},
bookTitle={Methods of Research in Psychotherapy},
year={1966},
publisher={Springer US},
pages={154--165},
isbn={978-1-4684-6045-2},
doi={10.1007/978-1-4684-6045-2_14},
url={https://doi.org/10.1007/978-1-4684-6045-2_14}
}
@article{ekman1969nonverbal,
  title={Nonverbal leakage and clues to deception},
  author={Ekman, Paul and Friesen, Wallace V},
  journal={Psychiatry},
  volume={32},
  number={1},
  pages={88--106},
  year={1969},
  publisher={Taylor and Francis}
}
@article{Mehrabian1967Inference,
  title={Inference of attitudes from nonverbal communication in two channels},
  author={Mehrabian, A and Ferris, S. R.},
  journal={Journal of Consulting Psychology},
  volume={31},
  number={3},
  pages={248},
  year={1967},
}
@book{wikibook2014latex,
	title={http://en.wikibooks.org/wiki/LaTeX},
	author={Wikibook},
	year={2014},
	publisher={On-line Resources}
}
@article{Li2017Towards,
  title={Towards Reading Hidden Emotions: A Comparative Study of Spontaneous Micro-expression Spotting and Recognition Methods},
  author={Li, Xiaobai and Hong, Xiaopeng and Moilanen, Antti and Huang, Xiaohua and Pfister, Tomas and Zhao, Guoying and Pietikainen, Matti},
  journal={IEEE Transactions on Affective Computing},
  volume={PP},
  number={99},
  pages={1-1},
  year={2017},
}
@article{Polikovsky2013Facial,
  title={Facial Micro-Expression Detection in Hi-Speed Video Based on Facial Action Coding System (FACS)},
  author={Polikovsky, Senya and Kameda, Yoshinari and Ohta, Yuichi},
  journal={Ieice Transactions on Information \& Systems},
  volume={96},
  number={1},
  pages={81-92},
  year={2013},
}
@misc{ekman1978facial,
  title={Facial Action Coding Scheme (FACS): A technique for the measurement of facial action},
  author={Ekman, Paul and Friesen, W},
  year={1978},
  publisher={Palo Alto, CA: Consulting Psychologists Press. Google Scholar}
}
@article{Warren2009Detecting,
  title={Detecting Deception from Emotional and Unemotional Cues},
  author={Warren, Gemma and Schertler, Elizabeth and Bull, Peter},
  journal={Journal of Nonverbal Behavior},
  volume={33},
  number={1},
  pages={59-69},
  year={2009},
}
@article{殷明2016微表情,
  title={微表情的特征、识别、训练和影响因素},
  author={殷明 and 张剑心 and 史爱芹 and 刘电芝},
  journal={心理科学进展},
  volume={24},
  number={11},
  pages={1723-1736},
  year={2016},
}
@article{Ekman1974Detecting,
  title={Detecting Deception from the Body or Face},
  author={Ekman, Paul and Friesen, Wallace V.},
  journal={Journal of Personality \& Social Psychology},
  volume={29},
  number={3},
  pages={288-298},
  year={1974},
}
@article{Matsumoto2000A,
  title={A New Test to Measure Emotion Recognition Ability: Matsumoto and Ekman's Japanese and Caucasian Brief Affect Recognition Test (JACBART)},
  author={Matsumoto, David and Leroux, Jeff and Wilsoncohn, Carinda and Raroque, Jake and Kooken, Kristie and Ekman, Paul and Yrizarry, Nathan and Loewinger, Sherry and Uchida, Hideko and Yee, Albert},
  journal={Journal of Nonverbal Behavior},
  volume={24},
  number={3},
  pages={179-209},
  year={2000},
}
@article{ekman2003mett,
  title={METT. Micro expression training tool},
  author={Ekman, Paul},
  journal={CD-ROM. Oakland},
  year={2003}
}
@inproceedings{Yan2013CASME,
  title={CASME Database: a dataset of spontaneous micro-expressions collected from neutralized faces},
  author={Yan, Wen Jing and Wu, Qi and Liu, Yong Jin and Wang, Su Jing and Fu, Xiaolan},
  booktitle={IEEE International Conference \& Workshops on Automatic Face \& Gesture Recognition},
  year={2013},
}
@article{Yan2014CASME,
  title={CASME II: an improved spontaneous micro-expression database and the baseline evaluation},
  author={Yan, W. J. and Li, X. and Wang, S. J. and Zhao, G. and Liu, Y. J. and Chen, Y. H. and Fu, X.},
  journal={Plos One},
  volume={9},
  number={1},
  pages={e86041},
  year={2014},
}
@article{Coan2015Handbook,
  title={Handbook of Emotion Elicitation and Assessment},
  author={Coan, J A and Allen, J J B},
  journal={Neuroimage},
  volume={37},
  number={3},
  pages={866–875},
  year={2015},
}
@inproceedings{Li2013A,
  title={A Spontaneous Micro-expression Database: Inducement, collection and baseline},
  author={Li, Xiaobai and Pfister, T. and Huang, Xiaohua and Zhao, Guoying and Pietik{\"a}inen, M.},
  booktitle={IEEE International Conference \& Workshops on Automatic Face \& Gesture Recognition},
  year={2013},
}
@article{Davison2018SAMM,
  title={SAMM: A Spontaneous Micro-Facial Movement Dataset},
  author={Davison, Adrian K. and Lansley, Cliff and Costen, Nicolas and Tan, Kevin and Yap, Moi Hoon},
  journal={IEEE Transactions on Affective Computing},
  volume={9},
  number={1},
  pages={116-129},
  year={2018},
}
@inproceedings{Yao2014Micro,
  title={Micro-expression recognition by feature points tracking},
  author={Yao, Shuoqing and Ning, He and Zhang, Huiquan and Yoshie, Osamu},
  booktitle={International Conference on Communications},
  year={2014},
}
@inproceedings{Davison2014Micro,
  title={Micro-Facial Movements: An Investigation on Spatio-Temporal Descriptors},
  author={Davison, Adrian K. and Yap, Moi Hoon and Costen, Nicholas and Tan, Kevin and Lansley, Cliff and Leightley, Daniel},
  booktitle={European Conference on Computer Vision},
  year={2014},
}
@inproceedings{Polikovsky2009Facial,
  title={Facial micro-expressions recognition using high speed camera and 3D-gradient descriptor},
  author={Polikovsky, Senya and Kameda, Yoshinari and Ohta, Yuichi},
  booktitle={International Conference on Crime Detection \& Prevention},
  year={2009},
}
@inproceedings{Qi2011The,
  title={The Machine Knows What You Are Hiding: An Automatic Micro-expression Recognition System},
  author={Qi, Wu and Shen, Xunbing and Fu, Xiaolan},
  booktitle={International Conference on Affective Computing \& Intelligent Interaction},
  year={2011},
}
@inproceedings{Patel2016Selective,
  title={Selective deep features for micro-expression recognition},
  author={Patel, Devangini and Hong, Xiaopeng and Zhao, Guoying},
  booktitle={International Conference on Pattern Recognition},
  year={2016},
}
@article{Shreve2011Macro,
  title={Macro- and micro-expression spotting in long videos using spatio-temporal strain},
  author={Shreve, Matthew and Godavarthy, Sridhar and Goldgof, Dmitry and Sarkar, Sudeep},
  year={2011},
}
@inproceedings{shreve2009towards,
  title={Towards macro-and micro-expression spotting in video using strain patterns.},
  author={Shreve, Matthew and Godavarthy, Sridhar and Manohar, Vasant and Goldgof, Dmitry B and Sarkar, Sudeep},
  booktitle={Applications of Computer Vision},
  pages={1--6},
  year={2009},
  organization={Citeseer}
}
@book{lamport1986document,
	title={Document Preparation System},
	author={Lamport Leslie},
	year={1986},
	publisher={Addison-Wesley Reading, MA}
}
@article{chen2005zhulu,
	title={著录文后参考文献的规则及注意事项},
	author={陈浩元},
	key={Chen Hao Yuan},
	journal={编辑学报},
	volume={17},
	number={6},
	pages={413--415},
	year={2005}
}
@book{chu2004tushu,
	title={图书馆数字参考咨询服务研究},
	author={初景利},
	key={Chu Jing Li},
	year={2004},
	address={北京},
	publisher={北京图书馆出版社}
}
@article{stamerjohanns2009mathml,
	title={{MathML}-aware article conversion from {LaTeX}},
	author={Stamerjohanns Heinrich and Ginev Deyan and David Catalin and Misev Dimitar and Zamdzhiev Vladimir and Kohlhase Michael},
	journal={Towards a Digital Mathematics Library},
	volume={16},
	number={2},
	pages={109--120},
	year={2009},
	publisher={Masaryk University Press}
}
@book{hls2012jinji,
	author       = {哈里森·沃尔德伦},
	key          = {Haliseng Woerdelun},
	translator   = {谢远涛},
	title        = {经济数学与金融数学},
	address      = {北京},
	publisher    = {中国人民大学出版社},
	year         = {2012},
	pages        = {235--236},
}
@proceedings{niu2013zonghe,
	editor       = {牛志明 and 斯温兰德 and 雷光春},
	key          = {Niu Zhi Ming Siwenlande Lei Guang Chun},
	title        = {综合湿地管理国际研讨会论文集},
	address      = {北京},
	publisher    = {海洋出版社},
	year         = {2013},
}
@incollection{chen1980zhongguo,
	author       = {陈晋镳 and 张惠民 and 朱士兴 and 赵震 and
	王振刚},
	key          = {Chen Jing Ao Zhang Hui Ming Zhu Shi Xing Zhao Zhen Wang Zhen Gang},
	title        = {蓟县震旦亚界研究},
	editor       = {中国地质科学院天津地质矿产研究所},
	booktitle    = {中国震旦亚界},
	address      = {天津},
	publisher    = {天津科学技术出版社},
	year         = {1980},
	pages        = {56--114},
}
@INPROCEEDINGS{pfister2011recognising,
	AUTHOR =       {Pfister, Tomas and Li, Xiaobai and Zhao, Guoying and Pietik{\"a}inen, Matti},
	TITLE =        {Recognising spontaneous facial micro-expressions},
	BOOKTITLE =    {Computer Vision (ICCV), 2011 IEEE International Conference on},
	YEAR =         {2011},
	publisher =    {IEEE},
	file = F
}
@INPROCEEDINGS{canYan18,
author={Y. Li and X. Huang and G. Zhao},
booktitle={2018 25th IEEE International Conference on Image Processing (ICIP)},
title={Can Micro-Expression be Recognized Based on Single Apex Frame?},
year={2018},
pages={3094-3098},
doi={10.1109/ICIP.2018.8451376},
ISSN={2381-8549}
}
@article{Xia2016Spontaneous,
  title={Spontaneous micro-expression spotting via geometric deformation modeling},
  author={Xia, Zhaoqiang and Feng, Xiaoyi and Peng, Jinye and Peng, Xianlin and Zhao, Guoying},
  journal={Computer Vision \& Image Understanding},
  volume={147},
  number={C},
  pages={87-94},
  year={2016},
}
@INPROCEEDINGS{ruiz2013encoding,
	AUTHOR =       {Ruiz-Hernandez, John A and Pietik{\"a}inen, Matti},
	TITLE =        {Encoding local binary patterns using the re-parametrization of the second order gaussian jet},
	BOOKTITLE =    {Automatic Face and Gesture Recognition (FG), 2013 10th IEEE International Conference and Workshops on},
	YEAR =         {2013},
	publisher =    {IEEE},
	file = F
}

@INPROCEEDINGS{wang2014micro,
	AUTHOR =       {Wang, Su-Jing and Yan, Wen-Jing and Zhao, Guoying and Fu, Xiaolan and Zhou, Chun-Guang},
	TITLE =        {Micro-expression recognition using robust principal component analysis and local spatiotemporal directional features},
	BOOKTITLE =    {Workshop at the European conference on computer vision},
	YEAR =         {2014},
	publisher =    {Springer},
	file = F
}
@article{Song2013Learning,
  title={Learning a sparse codebook of facial and body microexpressions for emotion recognition},
  author={Song, Yale and Morency, Louis Philippe and Davis, Randall},
  year={2013},
}
@INPROCEEDINGS{wang2014lbp,
	AUTHOR =       {Wang, Yandan and See, John and Phan, Raphael C-W and Oh, Yee-Hui},
	TITLE =        {Lbp with six intersection points: Reducing redundant information in lbp-top for micro-expression recognition},
	BOOKTITLE =    {Asian Conference on Computer Vision},
	YEAR =         {2014},
	publisher =    {Springer},
	file = F
}
@inproceedings{Lyons2002Coding,
  title={Coding facial expressions with Gabor wavelets},
  author={Lyons, M. J. and Akamatsu, S. and Kamachi, M. and Gyoba, J.},
  booktitle={IEEE International Conference on Automatic Face \& Gesture Recognition},
  year={2002},
}
@article{Belhumeur2002Eigenfaces,
  title={Eigenfaces vs. Fisherfaces: recognition using class specific linear projection},
  author={Belhumeur, Peter N and Hespanha, João P and Kriegman, David J},
  journal={IEEE Transactions on Pattern Analysis \& Machine Intelligence},
  volume={19},
  number={7},
  pages={711-720},
  year={2002},
}
@INPROCEEDINGS{wang2015efficient,
	AUTHOR =       {Wang, Yandan and See, John and Phan, Raphael C-W and Oh, Yee-Hui},
	TITLE =        {Efficient spatio-temporal local binary patterns for spontaneous facial micro-expression recognition},
	BOOKTITLE =    {PloS one},
	YEAR =         {2015},
	publisher =    {Public Library of Science},
	file = F
}
@inproceedings{Lucey2010The,
  title={The Extended Cohn-Kanade Dataset (CK+): A complete dataset for action unit and emotion-specified expression},
  author={Lucey, Patrick and Cohn, J. F. and Kanade, Takeo and Saragih, Jason and Ambadar, Zara and Matthews, Iain},
  booktitle={Computer Vision \& Pattern Recognition Workshops},
  year={2010},
}
@INPROCEEDINGS{wang2014micro2,
	AUTHOR =       {Wang, Su-Jing and Yan, Wen-Jing and Li, Xiaobai and Zhao, Guoying and Fu, Xiaolan},
	TITLE =        {Micro-expression recognition using dynamic textures on tensor independent color space},
	BOOKTITLE =    {2014 22nd International Conference on Pattern Recognition (ICPR)},
	YEAR =         {2014},
	publisher =    {IEEE},
	file = F
}

@INPROCEEDINGS{le2014spontaneous,
	AUTHOR =       {Le Ngo, Anh Cat and Phan, Raphael Chung-Wei and See, John},
	TITLE =        {Spontaneous subtle expression recognition: Imbalanced databases and solutions},
	BOOKTITLE =    {Asian conference on computer vision},
	YEAR =         {2014},
	publisher =    {Springer},
	file = F
}

@inproceedings{liong2014subtle,
  title={Subtle expression recognition using optical strain weighted features},
  author={Liong, Sze-Teng and See, John and Phan, Raphael C-W and Le Ngo, Anh Cat and Oh, Yee-Hui and Wong, KokSheik},
  booktitle={Asian Conference on Computer Vision},
  pages={644--657},
  year={2014},
  organization={Springer}
}

@INPROCEEDINGS{oh2015monogenic,
	AUTHOR =       {Oh, Yee-Hui and Le Ngo, Anh Cat and See, John and Liong, Sze-Teng and Phan, Raphael C-W and Ling, Huo-Chong},
	TITLE =        {Monogenic riesz wavelet representation for micro-expression recognition},
	BOOKTITLE =    {Digital Signal Processing (DSP), 2015 IEEE International Conference on},
	YEAR =         {2015},
	publisher =    {IEEE},
	file = F
}
@INPROCEEDINGS{xiaohua2017discriminative,
  AUTHOR =       "Xiaohua, Huang and Wang, Su-Jing and Liu, Xin and Zhao, Guoying and Feng, Xiaoyi and Pietik{\"a}inen, Matti",
  TITLE =        "Discriminative spatiotemporal local binary pattern with revisited integral projection for spontaneous facial micro-expression recognition",
  BOOKTITLE =    "IEEE Transactions on Affective Computing",
  YEAR =         "2017",
  publisher =    "IEEE",
  file = F
}
@inproceedings{Huang2015Facial,
  title={Facial Micro-Expression Recognition Using Spatiotemporal Local Binary Pattern with Integral Projection},
  author={Huang, Xiaohua and Wang, Su Jing and Zhao, Guoying and Pietikäinen, Matti},
  booktitle={Workshop on Computer Vision for Affective Computing at Iccv},
  year={2015},
}
@INPROCEEDINGS{liu2016mainl,
	AUTHOR =       {Liu, Yong-Jin and Zhang, Jin-Kai and Yan, Wen-Jing and Wang, Su-Jing and Zhao, Guoying and Fu, Xiaolan},
	TITLE =        {A main directional mean optical flow feature for spontaneous micro-expression recognition},
	BOOKTITLE =    {IEEE Transactions on Affective Computing},
	YEAR =         {2016},
	publisher =    {IEEE},
	file = F
}

@INPROCEEDINGS{lu2014delaunay,
	AUTHOR =       {Lu, Zhaoyu and Luo, Ziqi and Zheng, Huicheng and Chen, Jikai and Li, Weihong},
	TITLE =        {A Delaunay-based temporal coding model for micro-expression recognition},
	BOOKTITLE =    {Asian conference on computer vision},
	YEAR =         {2014},
	publisher =    {Springer},
	file = F
}

@INPROCEEDINGS{xu2017microexpression,
	AUTHOR =       {Xu, Feng and Zhang, Junping and Wang, James Z}
	TITLE =        {Microexpression identification and categorization using a facial dynamics map},
	BOOKTITLE =    {IEEE Transactions on Affective Computing},
	YEAR =         {2017},
	publisher =    {IEEE},
	file = F
}

@INPROCEEDINGS{he2017multi,
	AUTHOR =       {He, Jiachi and Hu, Jian-Fang and Lu, Xi and Zheng, Wei-Shi},
	TITLE =        {Multi-task mid-level feature learning for micro-expression recognition},
	BOOKTITLE =    {Pattern Recognition},
	YEAR =         {2017},
	publisher =    {Elsevier},
	file = F
}

@INPROCEEDINGS{patel2016selective,
	AUTHOR =       {Patel, Devangini and Hong, Xiaopeng and Zhao, Guoying},
	TITLE =        {Selective deep features for micro-expression recognition},
	BOOKTITLE =    {Pattern Recognition (ICPR), 2016 23rd International Conference on},
	YEAR =         {2016},
	publisher =    {IEEE},
	file = F
}

@INPROCEEDINGS{lei2011local,
	AUTHOR =       {Lei, Zhen and Ahonen, Timo and Pietik{\"a}inen, Matti and Li, Stan Z},
	TITLE =        {Local frequency descriptor for low-resolution face recognition},
	BOOKTITLE =    {Automatic Face and Gesture Recognition and Workshops (FG 2011), 2011 IEEE International Conference on},
	YEAR =         {2011},
	publisher =    {IEEE},
	file = F
}

@INPROCEEDINGS{wang2014low,
	AUTHOR =       {Wang, Zhifei and Miao, Zhenjiang and Wu, QM Jonathan and Wan, Yanli and Tang, Zhen},
	TITLE =        {Low-resolution face recognition: a review},
	BOOKTITLE =    {The Visual Computer},
	YEAR =         {2014},
	publisher =    {Springer},
	file = F
}

@INPROCEEDINGS{yan2014casme,
	AUTHOR =       {Yan, Wen-Jing and Li, Xiaobai and Wang, Su-Jing and Zhao, Guoying and Liu, Yong-Jin and Chen, Yu-Hsin and Fu, Xiaolan},
	TITLE =        {CASME II: An improved spontaneous micro-expression database and the baseline evaluation},
	BOOKTITLE =    {PloS one},
	YEAR =         {2014},
	publisher =    {Public Library of Science},
	file = F
}

@INPROCEEDINGS{shi2018hallucinating,
	AUTHOR =       {Shi, Jingang and Liu, Xin and Zong, Yuan and Qi, Chun and Zhao, Guoying},
	TITLE =        {Hallucinating Face Image by Regularization Models in High-Resolution Feature Space},
	BOOKTITLE =    {IEEE Transactions on Image Processing},
	YEAR =         {2018},
	publisher =    {IEEE},
	file = F
}

@INPROCEEDINGS{zhou2011towards,
	AUTHOR =       {Zhou, Ziheng and Zhao, Guoying and Pietik{\"a}inen, Matti},
	TITLE =        {Towards a practical lipreading system},
	BOOKTITLE =    {Computer Vision and Pattern Recognition (CVPR), 2011 IEEE Conference on},
	YEAR =         {2011},
	publisher =    {IEEE},
	file = F
}

@INPROCEEDINGS{cootes1995active,
	AUTHOR =       {Cootes, Timothy F and Taylor, Christopher J and Cooper, David H and Graham, Jim},
	TITLE =        {Active shape models-their training and application},
	BOOKTITLE =    {Computer vision and image understanding},
	YEAR =         {1995},
	publisher =    {Elsevier},
	file = F
}

@INPROCEEDINGS{goshtasby1988image,
	AUTHOR =       {Goshtasby, Ardeshir},
	TITLE =        {Image registration by local approximation methods},
	BOOKTITLE =    {Image and Vision Computing},
	YEAR =         {1988},
	publisher =    {Elsevier},
	file = F
}

@INPROCEEDINGS{zhao2007dynamic,
	AUTHOR =       {Zhao, Guoying and Pietik{\"a}inen, Matti},
	TITLE =        {Dynamic texture recognition using local binary patterns with an application to facial expressions},
	BOOKTITLE =    {IEEE transactions on pattern analysis and machine intelligence},
	YEAR =         {2007},
	publisher =    {IEEE},
	file = F
}
@INPROCEEDINGS{chang2011libsvm,
	AUTHOR =       {Chang, Chih-Chung and Lin, Chih-Jen},
	TITLE =        {LIBSVM: a library for support vector machines},
	BOOKTITLE =    {ACM transactions on intelligent systems and technology (TIST)},
	YEAR =         {2011},
	publisher =    {ACM},
	file = F
}

@article{FLBPTOP_2016,
	author={Xiaopeng Hong and Yingyue Xu and Guoying Zhao},
	title={LBP-TOP: a Tensor Unfolding Revisit},
	BOOKTITLE =    {Asian Conference on Computer Vision},
	YEAR =         {2016},
	publisher =    {Springer},
	file = F
}
@book{wikibook2014latex,
    title={http://en.wikibooks.org/wiki/LaTeX},
    author={Wikibook},
    year={2014},
    publisher={On-line Resources}
}
@book{lamport1986document,
    title={Document Preparation System},
    author={Lamport, Leslie},
    year={1986},
    publisher={Addison-Wesley Reading, MA}
}
@article{chen2005zhulu,
    title={著录文后参考文献的规则及注意事项},
    author={陈浩元},
    key={Chen Hao Yuan},
    journal={编辑学报},
    volume={17},
    number={6},
    pages={413--415},
    year={2005}
}
@book{chu2004tushu,
    title={图书馆数字参考咨询服务研究},
    author={初景利},
    key={Chu Jing Li},
    year={2004},
    address={北京},
    publisher={北京图书馆出版社}
}
@article{stamerjohanns2009mathml,
    title={{MathML}-aware article conversion from {LaTeX}},
    author={Stamerjohanns, Heinrich and Ginev, Deyan and David, Catalin and Misev, Dimitar and Zamdzhiev, Vladimir and Kohlhase, Michael},
    journal={Towards a Digital Mathematics Library},
    volume={16},
    number={2},
    pages={109--120},
    year={2009},
    publisher={Masaryk University Press}
}
@book{hls2012jinji,
    author       = {哈里森·沃尔德伦},
    key          = {Haliseng Woerdelun},
    translator   = {谢远涛},
    title        = {经济数学与金融数学},
    address      = {北京},
    publisher    = {中国人民大学出版社},
    year         = {2012},
    pages        = {235--236},
}
@proceedings{niu2013zonghe,
    editor       = {牛志明 and 斯温兰德 and 雷光春},
    key          = {Niu Zhi Ming Siwenlande Lei Guang Chun},
    title        = {综合湿地管理国际研讨会论文集},
    address      = {北京},
    publisher    = {海洋出版社},
    year         = {2013},
}
@incollection{chen1980zhongguo,
    author       = {陈晋镳 and 张惠民 and 朱士兴 and 赵震 and
        王振刚},
    key          = {Chen Jing Ao Zhang Hui Ming Zhu Shi Xing Zhao Zhen Wang Zhen Gang},
    title        = {蓟县震旦亚界研究},
    editor       = {中国地质科学院天津地质矿产研究所},
    booktitle    = {中国震旦亚界},
    address      = {天津},
    publisher    = {天津科学技术出版社},
    year         = {1980},
    pages        = {56--114},
}
@article{yuan2012lanc,
    author       = {袁训来 and 陈哲 and 肖书海},
    key          = {Yuan xun lai Chen zhe Xiao shu Hai},
    title        = {蓝田生物群: 一个认识多细胞生物起源和早期演化的新窗口 -- 篇三},
    journal      = {科学通报},
    year         = {2012},
    volume       = {57},
    number       = {34},
    pages        = {3219},
}
@article{walls2013drought,
    author       = {Walls, Susan C. and Barichivich, William J. and Brown, MaryE.},
    title        = {Drought, deluge and declines: the impact of precipitation extremes on amphibians in a changing climate},
    journal      = {Biology},
    year         = {2013},
    volume       = {2},
    number       = {1},
    pages        = {399--418},
    urldate      = {2013-11-04},
    url          = {http://www.mdpi.com/2079-7737/2/1/399},
    doi          = {10.3390/biology2010399},
}
@article{Brain1999Kazlev,
    author       = {M.Alan Kazlev},
    title        = {The Triune Brain},
    journal      = {KHEPER},
    year         = {1999},
    volume       = {5},
    number       = {19},
    urldate      = {2003-11-19},
    url          = {http://www.kheper.net/topics/intelligence/MacLean.htm},
}
@article{Bohan1928,
    author = { ボハン, デ},
    title = { 過去及び現在に於ける英国と会 },
    journal = { 日本時報 },
    year = { 1928 },
    volume = { 17 },
    pages = { 5-9 },
    edition = { 9 },
    hyphenation = { japanese },
    language = { japanese }
}

@article{Dubrovin1906,
    author = { Дубровин, А. И },
    title = { Открытое письмо Председателя Главного Совета Союза Русского Народа Санкт-Петербургскому Антонию, Первенствующему члену Священного Синода },
    journal = { Вече },
    year = { 1906 },
    volume = {  },
    edition = { 97 },
    month = { 7 дек. 1906 },
    pages = { 1-3 },
    hyphenation = { russian },
    language = { russian }
}
%---------------------------------------------------------------------------%
